<?xml version="1.0" encoding="UTF-8"?><collection xmlns="http://www.loc.gov/MARC21/slim"><record><leader>00352nam--2200133-i-4500</leader><controlfield tag="001">000049474</controlfield><controlfield tag="002">20161230</controlfield><controlfield tag="005">20161230201047</controlfield><controlfield tag="008">060222s1000------------r-----000-0-eng-d</controlfield><datafield ind1=" " ind2=" " tag="080"><subfield code="a">519.6</subfield></datafield><datafield ind1=" " ind2=" " tag="100"><subfield code="a">Aleksidze,M.A</subfield></datafield><datafield ind1=" " ind2=" " tag="245"><subfield code="a">Problizhennye metody resheniia priiamyh i obratnyh zadach gravimetrii</subfield></datafield><datafield ind1=" " ind2=" " tag="260"><subfield code="a">Moskva, Nauka, 1987. 333 S</subfield></datafield><datafield ind1=" " ind2=" " tag="852"><subfield code="a">74930</subfield></datafield></record></collection>